% Encoding: UTF-8

@article{amigo2009_FBCubed,
  title     = {A comparison of extrinsic clustering evaluation metrics based on formal constraints},
  author    = {Amig{\'o}, Enrique and Gonzalo, Julio and Artiles, Javier and Verdejo, Felisa},
  journal   = {Information retrieval},
  volume    = {12},
  number    = {4},
  pages     = {461--486},
  year      = {2009},
  publisher = {Springer}
}

@article{bezdek_pal1998,
  title     = {Some new indexes of cluster validity},
  author    = {Bezdek, James C and Pal, Nikhil R},
  journal   = {IEEE Transactions on Systems, Man, and Cybernetics, Part B (Cybernetics)},
  volume    = {28},
  number    = {3},
  pages     = {301--315},
  year      = {1998},
  publisher = {IEEE},
  url       = {https://citeseerx.ist.psu.edu/viewdoc/download?doi=10.1.1.850.9929&rep=rep1&type=pdf}
}

@book{data_science_para_negocios,
  title     = {Data Science para Neg{\'o}cios: O que voc{\^e} precisa saber sobre minera{\c{c}}{\~a}o de dados e pensamento anal{\'\i}tico de dados},
  author    = {Fawcett, Tom and Provost, Foster},
  year      = {2018},
  publisher = {Alta Books Editora}
}

@article{Davies_Bouldin,
  author  = {Davies, D. L. and Bouldin, D. W.},
  journal = {IEEE Transactions on Pattern Analysis and Machine Intelligence},
  title   = {A Cluster Separation Measure},
  year    = {1979},
  volume  = {PAMI-1},
  number  = {2},
  pages   = {224-227},
  doi     = {10.1109/TPAMI.1979.4766909}
}

@article{dunn1973fuzzy,
  title     = {A fuzzy relative of the ISODATA process and its use in detecting compact well-separated clusters},
  author    = {Dunn, Joseph C},
  year      = {1973},
  publisher = {Taylor \& Francis}
}

@book{izbicki2020_ml,
  title     = {Aprendizado de m{\'a}quina: uma abordagem estat{\'\i}stica},
  author    = {Izbicki, Rafael and dos Santos, Tiago Mendon{\c{c}}a},
  year      = {2020},
  publisher = {Rafael Izbicki},
  url       = {http://www.rizbicki.ufscar.br/ame/}
}

@book{mckinney_pandas,
  title     = {Python para an{\'a}lise de dados: Tratamento de dados com Pandas, NumPy e IPython},
  author    = {McKinney, Wes},
  year      = {2019},
  publisher = {Novatec Editora}
}

@book{mineracao_de_dados_br,
  title     = {Introdu{\c{c}}{\~a}o a minera{\c{c}}{\~a}o de dados},
  author    = {Ferrari, DANIEL GOMES and Silva, LEANDRO NUNES DE Castro},
  year      = {2017},
  publisher = {Saraiva Educa{\c{c}}{\~a}o SA}
}

@article{rousseeuw1987silhouettes,
  title     = {Silhouettes: a graphical aid to the interpretation and validation of cluster analysis},
  author    = {Rousseeuw, Peter J},
  journal   = {Journal of computational and applied mathematics},
  volume    = {20},
  pages     = {53--65},
  year      = {1987},
  publisher = {Elsevier}
}